@online{ALGORITMOSDEORDENACAO,
  title = {ALGORITMOS DE ORDENAÇÃO},
  author = {ENSICO},
  url = {https://youtu.be/t9_dHIy0QxA},
}

@online{OPROBLEMADOCAIXEIROVIAJANTE,
  title = {O PROBLEMA DO CAIXEIRO VIAJANTE},
  author = {ENSICO},
  url = {https://youtu.be/heQeomRPkIw},
}

@online{OPODERDARECURSIVIDADE,
  title = {O PODER DA RECURSIVIDADE},
  author = {ENSICO},
  url = {https://youtu.be/CGi4AkPNlfQ},
}

@online{RECURSIVIDADEEMACAO,
  title = {RECURSIVIDADE EM AÇÃO},
  author = {ENSICO},
  url = {https://youtu.be/6fEbZo7ohYI},
}

@online{OqueeotaldoAlgoritmo,
  title = {O que é "o tal do Algoritmo"? - Lógica e Programação},
  author = {Diolinux},
  url = {https://youtu.be/z1XTcKKRbKM},
}

@online{CursodeLogicadeProgramacao,
  title = {Curso de Lógica de Programação},
  author = {Curso{ }em{ }Vídeo},
  url = {https://youtube.com/playlist?list=PLHz_AreHm4dmSj0MHol_aoNYCSGFqvfXV},
}

@online{AlgoritmodeEuclides,
  title = {Algoritmo de Euclides},
  author = {Wikipedia},
  url = {https://pt.wikipedia.org/wiki/Algoritmo_de_Euclides},
}

@online{CrivodeEratostenes,
  title = {Crivo de Eratóstenes},
  author = {Wikipedia},
  url = {https://pt.wikipedia.org/wiki/Crivo_de_Erat%C3%B3stenes},
}

@online{SequenciadeFibonacci,
  title = {Sequência de Fibonacci},
  author = {Wikipedia},
  url = {https://pt.wikipedia.org/wiki/Sequ%C3%AAncia_de_Fibonacci},
}

@online{TorredeHanoi,
  title = {Torre de Hanói},
  author = {Wikipedia},
  url = {https://pt.wikipedia.org/wiki/Torre_de_Han%C3%B3i},
}

@online{ComoencontrarnumerosprimosoCrivodeEratostenes,
  title = {Como encontrar números primos: o Crivo de Eratóstenes},
  author = {Reducática},
  url = {https://youtu.be/9yMJeKGzN6I},
}

@online{ASEQUENCIADEFIBONACCI,
  title = {A SEQUÊNCIA DE FIBONACCI},
  author = {MathGurl},
  url = {https://youtu.be/eVbOxWVC_GY},
}

@online{CursodeJava,
  title = {Curso de Java para Iniciantes - Grátis, Completo e com Certificado},
  author = {Curso{ }em{ }Vídeo},
  url = {https://youtube.com/playlist?list=PLHz_AreHm4dkI2ZdjTwZA4mPMxWTfNSpR},
}

@online{CursodePython1,
  title = {Curso de Python 3 - Mundo 1: Fundamentos},
  author = {Curso{ }em{ }Vídeo},
  url = {https://youtube.com/playlist?list=PLHz_AreHm4dlKP6QQCekuIPky1CiwmdI6},
}

@online{CursodePython2,
  title = {Curso de Python 3 - Mundo 2: Estruturas de Controle},
  author = {Curso{ }em{ }Vídeo},
  url = {https://youtube.com/playlist?list=PLHz_AreHm4dk_nZHmxxf_J0WRAqy5Czye},
}

@online{CursodePython3,
  title = {Curso de Python 3 - Mundo 3: Estruturas Compostas},
  author = {Curso{ }em{ }Vídeo},
  url = {https://youtube.com/playlist?list=PLHz_AreHm4dksnH2jVTIVNviIMBVYyFnH},
}

@online{MaratonaJava,
  title = {Maratona Java - O maior curso Java em português},
  author = {DevDojo},
  url = {https://youtube.com/playlist?list=PL62G310vn6nHrMr1tFLNOYP_c73m6nAzL},
}

@online{CursodeFortran90,
  title = {Curso de Fortran 90/95},
  author = {Wanderson{ }Felipe},
  url = {https://youtube.com/playlist?list=PLZGu1IjxtkEj6mcUG6mI8yMhFD16FvVxe},
}

@online{CursodeFortran,
  title = {Curso de Fortran},
  author = {Jailsson},
  url = {https://youtube.com/playlist?list=PLg7DKrtlTwPCOS10mSuIG04zUrCCmlpXO},
}

@book{IntroducaoFortran,
  title = {Introdução à programação em Fortran 90},
  author = {João Vitor Teo doro},
  url = {https://educapes.capes.gov.br/bitstream/capes/206100/2/Introdu%C3%A7%C3%A3o%20%C3%A0%20programa%C3%A7%C3%A3o%20em%20Fortran%2090.pdf},
}

@book{ALINGUAGEMDEPROGRAMACAOJAVA,
  title = {A LINGUAGEM DE PROGRAMAÇÃO JAVA},
  author = {André Augusto Cesta},
  url = {https://drive.google.com/file/d/1i0mlqAyxR8YKSDKQf1GeXJCuSmjc0UF5/view},
}

@online{CursodedeC,
  title = {Curso de C},
  author = {eXcript},
  url = {https://youtube.com/playlist?list=PLesCEcYj003SwVdufCQM5FIbrOd0GG1M4},
}

@online{LinguagemC,
  title = {Linguagem C},
  author = {De{ }aluno{ }para{ }aluno},
  url = {https://youtube.com/playlist?list=PLa75BYTPDNKZWYypgOFEsX3H2Mg-SzuLW},
}

@book{LinguagemCbook,
  title = {Linguagem C},
  author = {Silvio do Lago Pereira},
  url = {https://www.ime.usp.br/~slago/slago-C.pdf},
}

@online{LinguagemC,
  title = {Linguagem C},
  author = {De{ }aluno{ }para{ }aluno},
  url = {https://youtube.com/playlist?list=PLa75BYTPDNKZWYypgOFEsX3H2Mg-SzuLW},
}

@online{FisicaComputacional1,
  title = {Física Computacional 1},
  author = {Prof.{ }Francisco{ }Moura},
  url = {https://youtube.com/playlist?list=PLCWOBtltrHovcMBoapQp7NfmsUyu0YRwc},
}

@online{FisicaComputacional2,
  title = {Física Computacional 2},
  author = {Prof.{ }Francisco{ }Moura},
  url = {https://youtube.com/playlist?list=PLCWOBtltrHovSM2RSLvnKE3oxShD3ksdl},
}
